<record><leader>00000cas a22000007a 4500</leader><controlfield tag="001">12041416</controlfield><controlfield tag="008">850516d18881891pauwr ne      0    0eng d</controlfield><datafield ind1=" " ind2=" " tag="010"><subfield code="a">sn 85054590 </subfield></datafield><datafield ind1=" " ind2=" " tag="040"><subfield code="a">NPH</subfield><subfield code="b">eng</subfield><subfield code="c">NPH</subfield><subfield code="d">OCLCQ</subfield></datafield><datafield ind1=" " ind2=" " tag="042"><subfield code="a">msc</subfield></datafield><datafield ind1="0" ind2=" " tag="130"><subfield code="a">Valley echo (Penfield, Pa.)</subfield></datafield><datafield ind1="1" ind2="4" tag="245"><subfield code="a">The valley echo.</subfield></datafield><datafield ind1=" " ind2=" " tag="260"><subfield code="a">Penfield, Pa. :</subfield><subfield code="b">Allen H. Rosenkrans</subfield></datafield><datafield ind1=" " ind2=" " tag="300"><subfield code="a">v. ;</subfield><subfield code="c">56 cm.</subfield></datafield><datafield ind1=" " ind2=" " tag="310"><subfield code="a">Weekly</subfield></datafield><datafield ind1="1" ind2=" " tag="362"><subfield code="a">Began in 1888; ceased in 1891?</subfield><subfield code="z">Cf. Rossell, G. Pennsylvania newspapers.</subfield></datafield><datafield ind1=" " ind2=" " tag="500"><subfield code="a">Published every Saturday.</subfield></datafield><datafield ind1=" " ind2=" " tag="525"><subfield code="a">Dec. 12, 1891 issue has supplement.</subfield></datafield><datafield ind1=" " ind2=" " tag="588"><subfield code="a">Description based on: Vol. 4, no. 1 (Jan. 3, 1890).</subfield></datafield><datafield ind1=" " ind2=" " tag="752"><subfield code="a">United States</subfield><subfield code="b">Pennsylvania</subfield><subfield code="c">Clearfield</subfield><subfield code="d">Penfield.</subfield></datafield></record>